@book{H81,
	Author = {D. Henry},
	Date-Added = {2016-04-29 02:26:36 +0000},
	Date-Modified = {2016-05-07 00:38:31 +0000},
	Publisher = {Springer-Verlag Berlin Heidelberg},
	Series = {Lecture Notes in Mathematics},
	Title = {Geometric theory of semilinear parabolic equations},
	Volume = {840},
	Year = {1981}}

@article{lawson,
	Author = {J.D. Lawson},
	Date-Added = {2016-04-29 02:05:48 +0000},
	Date-Modified = {2016-04-29 02:05:48 +0000},
	Journal = {SIAM J. Numer. Anal.},
	Pages = {372-380},
	Title = {Generalized {R}unge-{K}utta processes for stable systems with large {L}ipschitz constants},
	Volume = 4,
	Year = 1967}

@article{Pope63,
	Author = {D. A. Pope},
	Date-Added = {2016-04-29 02:05:32 +0000},
	Date-Modified = {2016-04-29 02:05:32 +0000},
	Journal = {Comm. ACM},
	Pages = {491-493},
	Title = {An exponential method of numerical integration of ordinary differential equations},
	Volume = 6,
	Year = 1963}

@book{Gear1971,
	Author = {C.W. Gear},
	Date-Added = {2017-01-04 01:19:42 +0000},
	Date-Modified = {2017-01-04 01:19:42 +0000},
	Publisher = {Prentice--Hall, Englewood Cliffs, NJ},
	Title = {Numerical Initial Value Problems in Ordinary Differential Equations},
	Year = {1971}}

@incollection{F78,
  title={Verallgemeinerte Runge-Kutta Verfahren zur L{\"o}sung steifer Differentialgleichungssysteme},
  author={Friedli, Armin},
  booktitle={Numerical treatment of differential equations},
  pages={35--50},
  year={1978},
  publisher={Springer}
}

@article{HLS98,
	Author = {M. Hochbruck and Ch. Lubich and H. Selhofer},
	Date-Added = {2016-04-26 17:29:55 +0000},
	Date-Modified = {2016-04-26 17:29:55 +0000},
	Journal = {SIAM J. Sci. Comput.},
	Pages = {1552-1574},
	Title = {Exponential integrators for large systems of differential equations},
	Volume = {19},
	Year = {1998}}



@article{ascher1997,
	Author = {U. M. Ascher and S. J. Ruuth and R.J. Spiteri },
	Date-Added = {2016-04-26 17:18:28 +0000},
	Date-Modified = {2016-05-07 00:45:55 +0000},
	Journal = {Appl. Numer. Math.},
	Pages = {151-167},
	Title = {Implicit-explicit {R}unge--{K}utta methods for time-dependent partial differential equations},
	Volume = {25},
	Year = {1997}}

@article{CM02,
  title={Exponential time differencing for stiff systems},
  author={Cox, Steven M and Matthews, Paul C},
  journal={Journal of Computational Physics},
  volume={176},
  number={2},
  pages={430--455},
  year={2002},
  publisher={Elsevier}
}

@article{CMO03,
  title={Commutator-free Lie group methods},
  author={Celledoni, Elena and Marthinsen, Arne and Owren, Brynjulf},
  journal={Future Generation Computer Systems},
  volume={19},
  number={3},
  pages={341--352},
  year={2003},
  publisher={Elsevier}
}


@article{constantinescu2010,
	Author = {E.M. Constantinescu and A. Sandu},
	Date-Added = {2016-04-26 17:13:19 +0000},
	Date-Modified = {2016-04-26 17:14:22 +0000},
	Journal = {SIAM J. Sci. Comput.},
	Number = {6},
	Pages = {4452-4477},
	Title = {Extrapolated implicit-explicit time stepping},
	Volume = {31},
	Year = {2010}}


@article{AH11,
	Author = {A. H. Al-Mohy and N. J. Higham},
	Journal = {SIAM J. Sci. Comput.},
	Pages = {488-511},
	Title = {Computing the action of the matrix exponential, with an application to exponential integrators},
	Volume = {33},
	Year = {2011}}

@article{CKOS14,
	Author = {M. Caliari and P. Kandolf and A. Ostermann and S. Rainer},
	Journal = {BIT Numer. Math.},
	Number = {1},
	Pages = {113-128},
	Title = {Comparison of methods for computing the action of the matrix exponential},
	Volume = {52},
	Year = {2014}}

@article{CKOS16,
  title={The {L}eja method revisited: Backward error analysis for the matrix exponential},
  author={Caliari, Marco and Kandolf, Peter and Ostermann, Alexander and Rainer, Stefan},
  journal={SIAM J. Sci. Comp.},
  volume={38},
  number={3},
  pages={A1639--A1661},
  year={2016},
  publisher={SIAM}
}

@article{Caliari2009,
  title={Implementation of exponential {R}osenbrock-type integrators},
  author={Caliari, Marco and Ostermann, Alexander},
  journal={Applied Numerical Mathematics},
  volume={59},
  number={3-4},
  pages={568--581},
  year={2009},
  publisher={Elsevier}
}

@article{Em05,
	Author = {E. Emmrich},
	Journal = {J. Appl. Math. Comput.},
	Number = {1},
	Pages = {33-55},
	Title = {Stability and error of the variable two-step {BDF} for semilinear parabolic problems,},
	Volume = {19},
	Year = {2005}}

@book{EN2000,
	Address = {New York},
	Author = {K.J. Engel and R. Nagel},
	Date-Modified = {2016-04-29 01:14:58 +0000},
	Publisher = {Springer},
	Title = {One-parameter semigroups for linear evolution equations},
	Year = {2000}}

@book{HW96,
	Author = {E. Hairer and G. Wanner},
	Date-Modified = {2016-05-07 00:42:54 +0000},
	Publisher = {Springer, New York},
	Title = {Solving Ordinary Differential Equations {II}: {S}tiff and Differential-Algebraic Problems},
	Year = {1996}}

@article{HL97,
	Author = {M. Hochbruck and C. Lubich},
	Journal = {SIAM J. Numer. Anal.},
	Pages = {1911-1925},
	Title = {On {K}rylov subspace approximations to the matrix exponential operator},
	Volume = {34},
	Year = {1997}}
	
@article{HO05a,
  title={Exponential Runge--Kutta methods for parabolic problems},
  author={Hochbruck, Marlis and Ostermann, Alexander},
  journal={Applied Numerical Mathematics},
  volume={53},
  number={2-4},
  pages={323--339},
  year={2005},
  publisher={Elsevier}
}
@article{HO05b,
	Author = {M. Hochbruck and A. Ostermann},
	Date-Modified = {2016-05-07 00:43:29 +0000},
	Journal = {SIAM J. Numer. Anal.},
	Pages = {1069-1090},
	Title = {Explicit exponential {R}unge--{K}utta methods for semilinear parabolic problems},
	Volume = {43},
	Year = {2005}}
	
	@book{HLW06,
  title={Geometric numerical integration: structure-preserving algorithms for ordinary differential equations},
  author={Hairer, Ernst and Lubich, Christian and Wanner, Gerhard},
  volume={31},
  year={2006},
  publisher={Springer Science \& Business Media}
}

@article{HO06,
	Author = {M. Hochbruck and A. Ostermann},
	Journal = {Oberwolfach Reports 3},
	Pages = {1107-1110},
	Title = {Explicit integrators of {R}osenbrock-type},
	Volume = {3},
	Year = {2006}}

@article{HOS09,
	Author = {M. Hochbruck and A. Ostermann and J. Schweitzer},
	Journal = {SIAM J. Numer. Anal.},
	Pages = {786-803},
	Title = {Exponential {R}osenbrock-type methods},
	Volume = {47},
	Year = {2009}}

@article{HO10,
	Author = {M. Hochbruck and A. Ostermann},
	Journal = {Acta Numerica},
	Pages = {209-286},
	Title = {Exponential integrators},
	Volume = {19},
	Year = {2010}}
	
@article{HO11,
  title={Exponential multistep methods of Adams-type},
  author={Hochbruck, Marlis and Ostermann, Alexander},
  journal={BIT Numerical Mathematics},
  volume={51},
  number={4},
  pages={889--908},
  year={2011},
  publisher={Springer}
}


@conference{LO12b,
	Author = {V. T. Luan and A. Ostermann},
	Date-Modified = {2016-05-07 00:41:44 +0000},
	 booktitle    = {Modeling, Simulation and Optimization of Complex Processes - HPSC 2012},
	 editor    = {H.G. Bock et al.},
	Pages = {133-143},
	Title = {Stiff order conditions for exponential {R}unge--{K}utta methods of order five},
	 publisher    = {Springer},
	Year = {2014}}
	
	
@article{LO13,
	Author = {V. T. Luan and A. Ostermann},
	Journal = {SIAM J. Numer. Anal.},
	Pages = {3431-3445},
	Title = {Exponential {B}-series: The stiff case},
	Volume = {51},
	Year = {2013}}

@article{LO14a,
	Author = {V. T. Luan and A. Ostermann},
	Journal = {J. Comput. Appl. Math.},
	Pages = {417-431},
	Title = {Exponential {R}osenbrock methods of order five--construction, analysis and numerical comparisons},
	Volume = {255},
	Year = {2014}}
	
@article{LO16,
	Author = {V. T. Luan and A. Ostermann},
	Journal = {Comput. Math. Appl.},
	Pages = {1137-1150},
	Title = {Parallel exponential {R}osenbrock methods},
	Volume = {71},
	Year = {2016}}

@article{LO14b,
	Author = {V. T. Luan and A. Ostermann},
	Date-Modified = {2016-05-07 00:43:33 +0000},
	Journal = {J. Comput. Appl. Math.},
	Pages = {168-179},
	Title = {Explicit exponential {R}unge--{K}utta methods of high order for parabolic problems},
	Volume = {256},
	Year = {2014}}
	
	
	@article{L17,
	Author = {Vu Thai Luan},
	Journal = {Applied Numerical Mathematics},
	Pages = {91-103},
	Title = {Fourth-order two-stage explicit exponential integrators for time-dependent {PDE}s},
	Volume = {112},
	Year = {2017}}


	@article{Luan18,
	Author = {V. T. Luan and J. A. Pudykiewicz and D. R. Reynolds},
	Title = {Further development of the efficient and accurate time integration schemes for meteorological models (submitted)},
	Year = {2018}}

@article{PAZY83,
	Author = {A. Pazy},
	Journal = {Springer, New York},
	Title = {Semigroups of Linear Operators and Applications to Partial Differential Equations},
	Year = {1983}}

@article{Ruth95,
	Author = {S. R. Ruuth},
	Journal = {J. Math. Biol.},
	Pages = {148-176},
	Title = {Implicit-explicit methods for reaction-diffusion problems in pattern formation},
	Volume = {34},
	Year = {1995}}

@article{Cox2002,
  title={Exponential time differencing for stiff systems},
  author={Cox, Steven M and Matthews, Paul C},
  journal={Journal of Computational Physics},
  volume={176},
  number={2},
  pages={430--455},
  year={2002},
  publisher={Elsevier}
}
@article{Krogstad2005,
  title={Generalized integrating factor methods for stiff {PDE}s},
  author={Krogstad, Stein},
  journal={Journal of Computational Physics},
  volume={203},
  number={1},
  pages={72--88},
  year={2005},
  publisher={Elsevier}
}


@article{Ascher97,
	Author = {U.M. Ascher and S.J. Ruuth and B.T.R. Wetton},
	Date-Modified = {2016-05-07 00:45:06 +0000},
	Journal = {SIAM J. Numer. Anal.},
	Number = {3},
	Pages = {797-823},
	Title = {Implicit-explicit methods for time-dependent {PDE}s},
	Volume = {32},
	Year = {1997}}

@article{Ruuth95,
	Author = {S. Ruuth},
	Journal = {J. Math. Bio.},
	Pages = {148-176},
	Title = {Implicit-explicit methods for reaction-diffusion problems in pattern formation},
	Volume = {34},
	Year = {1995}}
	
	@article{Grote2010,
  title={Explicit local time-stepping methods for Maxwell’s equations},
  author={Grote, Marcus J and Mitkova, Teodora},
  journal={Journal of Computational and Applied Mathematics},
  volume={234},
  number={12},
  pages={3283--3302},
  year={2010},
  publisher={Elsevier}
}
	
@conference{Grote2013b,
booktitle    = {Direct and Inverse Problems in Wave Propagation and Applications},
	 editor    = {I.~Graham, U.~Langer, J.-M.~Melenk, M.~Sini},
  title={Explicit local time-stepping methods for time-dependent wave propagation},
		Pages = {187--218},
		 publisher    = { de Gruyter},
  author={Grote, Marcus and Mitkova, Teodora},
  year={2013}
}


@article{Grote2013a,
  title={High-order explicit local time-stepping methods for damped wave equations},
  author={Grote, Marcus J and Mitkova, Teodora},
  journal={Journal of Computational and Applied Mathematics},
  volume={239},
  pages={270--289},
  year={2013},
  publisher={Elsevier}
	}
	
	@incollection{Gander2012,
  title={Techniques for locally adaptive time stepping developed over the last two decades},
  author={Gander, Martin J and Halpern, Laurence},
  booktitle={Domain decomposition methods in science and engineering XX},
  pages={377--385},
  year={2013},
  publisher={Springer}
}